% -----------------------------------------------------------------------------
% Surveys and papers
% -----------------------------------------------------------------------------

@article{chandola2009anomaly,
	author = {Chandola, Varun and Banerjee, Arindam and Kumar, Vipin},
	title = {Anomaly Detection: A Survey},
	journal = {ACM Comput. Surv.},
	issue_date = {July 2009},
	volume = {41},
	number = {3},
	month = jul,
	year = {2009},
	issn = {0360-0300},
	pages = {15:1--15:58},
	articleno = {15},
	numpages = {58},
	url = {http://doi.acm.org/10.1145/1541880.1541882},
	doi = {10.1145/1541880.1541882},
	acmid = {1541882},
	publisher = {ACM},
	address = {New York, NY, USA},
	keywords = {Anomaly detection, outlier detection},
}


% -----------------------------------------------------------------------------
% Websites
% -----------------------------------------------------------------------------


% -----------------------------------------------------------------------------
% Various
% -----------------------------------------------------------------------------

